<?xml version="1.0" encoding="UTF-8"?><record xmlns="http://www.loc.gov/MARC21/slim" xmlns:cinclude="http://apache.org/cocoon/include/1.0" xmlns:zs="http://www.loc.gov/zing/srw/">
  <leader>00602nz  a2200157n  4500</leader>
  <controlfield tag="001">no2003034951</controlfield>
  <controlfield tag="003">DLC</controlfield>
  <controlfield tag="005">20030409052426.0</controlfield>
  <controlfield tag="008">030408n| acannaabn          |a aaa     c</controlfield>
  <datafield tag="010" ind1=" " ind2=" ">
    <subfield code="a">no2003034951</subfield>
  </datafield>
  <datafield tag="035" ind1=" " ind2=" ">
    <subfield code="a">(OCoLC)oca06019805</subfield>
  </datafield>
  <datafield tag="040" ind1=" " ind2=" ">
    <subfield code="a">NBuU</subfield>
    <subfield code="b">eng</subfield>
    <subfield code="c">NBuU</subfield>
  </datafield>
  <datafield tag="100" ind1="1" ind2=" ">
    <subfield code="a">Heaton, Kenneth Lewis,</subfield>
    <subfield code="d">1902-</subfield>
  </datafield>
  <datafield tag="400" ind1="1" ind2=" ">
    <subfield code="a">Heaton, Kenneth L.</subfield>
    <subfield code="q">(Kenneth Lewis),</subfield>
    <subfield code="d">1902-</subfield>
  </datafield>
  <datafield tag="670" ind1=" " ind2=" ">
    <subfield code="a">A college curriculum based on functional needs of students, c1936:</subfield>
    <subfield code="b">t.p. (Kenneth L. Heaton)</subfield>
  </datafield>
  <datafield tag="670" ind1=" " ind2=" ">
    <subfield code="a">OCLC, Apr. 7, 2003</subfield>
    <subfield code="b">(hdg.: Heaton, Kenneth Lewis, 1902- ; Heaton, Kenneth L.; usage: Kenneth L. Heaton; Kenneth Lewis Heaton)</subfield>
  </datafield>
</record>